% Encoding: UTF-8

@Book{Shepherd,
  title     = {Theory of cost and production functions},
  publisher = {Princeton University Press},
  year      = {2015},
  author    = {Shepherd, Ronald William},
}

@Misc{FRED,
  author       = {{Saint Louis Federal Reserve Economic Data}},
  howpublished = {http://fred.stlouisfed.org/},
  year         = {2018},
}

@Article{Fare,
  author    = {F{\"a}re, Rolf and Grosskopf, Shawna and Norris, Mary},
  title     = {Productivity growth, technical progress, and efficiency change in industrialized countries: reply},
  journal   = {The American Economic Review},
  year      = {1997},
  volume    = {87},
  number    = {5},
  pages     = {1040--1044},
  publisher = {JSTOR},
}

@InCollection{ParmeterRacine,
  author    = {Racine, JEFFREY S and Parmeter, CHRISTOPHER F and Du, Pang},
  title     = {Constrained nonparametric kernel regression: Estimation and inference},
  booktitle = {Working paper},
  year      = {2009},
}

@Manual{quadprog,
  author = {Weingessel, Andreas},
  title  = {quadprog: Functions to solve Quadratic Programming Problems.},
  year   = {2013},
  url    = {https://CRAN.R-project.org/package=quadprog},
}

@Article{Afriat,
  author    = {Afriat, Sydney N},
  title     = {The construction of utility functions from expenditure data},
  journal   = {International economic review},
  year      = {1967},
  volume    = {8},
  number    = {1},
  pages     = {67--77},
  publisher = {JSTOR},
}

@Book{Silverman,
  title     = {Density estimation for statistics and data analysis},
  publisher = {CRC press},
  year      = {1986},
  author    = {Silverman, Bernard W},
  volume    = {26},
}

@Article{LovellSchmidt,
  author    = {Schmidt, Peter and Lovell, CA Knox},
  title     = {Estimating technical and allocative inefficiency relative to stochastic production and cost frontiers},
  journal   = {Journal of econometrics},
  year      = {1979},
  volume    = {9},
  number    = {3},
  pages     = {343--366},
  publisher = {Elsevier},
}

@Article{AignerLovellSchmidt,
  author    = {Aigner, Dennis and Lovell, CA Knox and Schmidt, Peter},
  title     = {Formulation and estimation of stochastic frontier production function models},
  journal   = {Journal of econometrics},
  year      = {1977},
  volume    = {6},
  number    = {1},
  pages     = {21--37},
  publisher = {Elsevier},
}

@Article{AverchJohnson,
  author    = {Averch, Harvey and Johnson, Leland L},
  title     = {Behavior of the firm under regulatory constraint},
  journal   = {The American Economic Review},
  year      = {1962},
  volume    = {52},
  number    = {5},
  pages     = {1052--1069},
  publisher = {JSTOR},
}

@Article{Leibenstein,
  author    = {Leibenstein, Harvey},
  title     = {Allocative efficiency vs." X-efficiency"},
  journal   = {The American Economic Review},
  year      = {1966},
  volume    = {56},
  number    = {3},
  pages     = {392--415},
  publisher = {JSTOR},
}

@Article{Farrell,
  author    = {Farrell, Michael James},
  title     = {The measurement of productive efficiency},
  journal   = {Journal of the Royal Statistical Society. Series A (General)},
  year      = {1957},
  volume    = {120},
  number    = {3},
  pages     = {253--290},
  publisher = {JSTOR},
}

@InCollection{Fare1985,
  author    = {F{\"a}re, Rolf and Grosskopf, Shawna and Logan, James and Lovell, CA Knox},
  title     = {Measuring efficiency in production: with an application to electric utilities},
  booktitle = {Managerial issues in productivity analysis},
  publisher = {Springer},
  year      = {1985},
  pages     = {185--214},
}

@Comment{jabref-meta: databaseType:bibtex;}
